<record><leader>00000cas a2200000 i 4500</leader><controlfield tag="001">829948334</controlfield><controlfield tag="008">130313d18611uuuohuwr ne      0   a0eng  </controlfield><datafield ind1=" " ind2=" " tag="010"><subfield code="a">  2013218636</subfield></datafield><datafield ind1=" " ind2=" " tag="040"><subfield code="a">DLC</subfield><subfield code="b">eng</subfield><subfield code="e">rda</subfield><subfield code="c">DLC</subfield><subfield code="d">OCLCQ</subfield></datafield><datafield ind1="0" ind2=" " tag="022"><subfield code="a">2327-3224</subfield><subfield code="2">1</subfield></datafield><datafield ind1=" " ind2=" " tag="042"><subfield code="a">pcc</subfield><subfield code="a">nsdp</subfield></datafield><datafield ind1=" " ind2=" " tag="043"><subfield code="a">n-us-oh</subfield></datafield><datafield ind1="1" ind2="0" tag="050"><subfield code="a">ISSN RECORD</subfield></datafield><datafield ind1="0" ind2="0" tag="082"><subfield code="a">071</subfield><subfield code="2">23</subfield></datafield><datafield ind1="0" ind2=" " tag="130"><subfield code="a">Weekly Perrysburg journal (Online)</subfield></datafield><datafield ind1=" " ind2="4" tag="222"><subfield code="a">The Weekly Perrysburg journal</subfield><subfield code="b">(Online)</subfield></datafield><datafield ind1="1" ind2="4" tag="245"><subfield code="a">The Weekly Perrysburg journal.</subfield></datafield><datafield ind1="1" ind2="0" tag="246"><subfield code="a">Perrysburg weekly journal</subfield></datafield><datafield ind1=" " ind2="1" tag="264"><subfield code="a">Perrysburg, O. [Ohio] :</subfield><subfield code="b">J.W. Bailey,</subfield><subfield code="c">1861-</subfield></datafield><datafield ind1=" " ind2=" " tag="310"><subfield code="a">Weekly</subfield></datafield><datafield ind1=" " ind2=" " tag="336"><subfield code="a">text</subfield><subfield code="b">txt</subfield><subfield code="2">rdacontent</subfield></datafield><datafield ind1=" " ind2=" " tag="337"><subfield code="a">computer</subfield><subfield code="b">c</subfield><subfield code="2">rdamedia</subfield></datafield><datafield ind1=" " ind2=" " tag="338"><subfield code="a">online resource</subfield><subfield code="b">cr</subfield><subfield code="2">rdacarrier</subfield></datafield><datafield ind1="1" ind2=" " tag="362"><subfield code="a">Began with vol. 9, no. 1 (May 9, 1861).</subfield></datafield><datafield ind1=" " ind2=" " tag="500"><subfield code="a">Published as: Perrysburg weekly journal, June 18, 1862-Oct. 15, 1862.</subfield></datafield><datafield ind1=" " ind2=" " tag="500"><subfield code="a">Editor: J.F. Oblinger, &lt;1866&gt;.</subfield></datafield><datafield ind1=" " ind2=" " tag="530"><subfield code="a">Also issued in print.</subfield></datafield><datafield ind1=" " ind2=" " tag="588"><subfield code="a">Description based on print version record.</subfield></datafield><datafield ind1=" " ind2=" " tag="588"><subfield code="a">Latest issue consulted: Vol. XVI, no. 10 (July 3, 1868) (Chroniclingamerica.loc.gov, viewed Mar. 13, 2013).</subfield></datafield><datafield ind1=" " ind2=" " tag="752"><subfield code="a">United States</subfield><subfield code="b">Ohio</subfield><subfield code="c">Wood</subfield><subfield code="d">Perrysburg.</subfield></datafield><datafield ind1="1" ind2=" " tag="776"><subfield code="t">Weekly Perrysburg journal</subfield><subfield code="x">2327-3216</subfield><subfield code="w">(DLC)sn 85026193</subfield><subfield code="w">(OCoLC)12088990</subfield></datafield><datafield ind1="0" ind2="0" tag="780"><subfield code="t">Perrysburg journal (Perrysburg, Ohio : 1853)</subfield><subfield code="x">2327-3208</subfield><subfield code="w">(DLC)  2013218635</subfield></datafield><datafield ind1="0" ind2="0" tag="785"><subfield code="t">Perrysburg journal (Perrysburg, Ohio : 1868 : Online)</subfield></datafield><datafield ind1="4" ind2="1" tag="856"><subfield code="u">http://www.loc.gov/chroniclingamerica/lccn/sn85026193/issues</subfield></datafield></record>